@article{yang2022epimob,
  author = {Chuang Yang and Zhiwen Zhang and etc.},
  title = {EpiMob: Interactive Visual Analytics of Citywide Human Mobility Restrictions for Epidemic Control},
  year = {2022},
  journal = {Journal Name}
}

@article{zhang2023data,
  author = {Die Zhang and Yong Ge and etc.},
  title = {Data-Driven Models Informed by Spatiotemporal Mobility Patterns for Understanding Infectious Disease Dynamics},
  year = {2023},
  journal = {Journal Name}
}

@article{wei2020spread,
  author = {Ye Wei and etc.},
  title = {Spread of COVID-19 in China: Analysis from a City-Based Epidemic and Mobility Model},
  year = {2020},
  journal = {Journal Name}
}

@article{zhang2019visual,
  author = {Lanyun Zhang and etc.},
  title = {Visual Analysis of Correlation Between Diseases Evolution and Human Dynamics},
  year = {2019},
  journal = {Journal Name}
}

@article{li2024vivian,
  author = {Guojun Li and etc.},
  title = {VIVIAN: Virtual Simulation and Visual Analysis of Epidemic Spread Data},
  year = {2024},
  journal = {Journal Name}
}

@article{luo2016geo,
  author = {Wei Luo},
  title = {Visual Analytics of Geo-Social Interaction Patterns for Epidemic Control},
  year = {2016},
  journal = {Journal Name}
}

@article{li2021odt,
  author = {Zhenlong Li and etc.},
  title = {ODT FLOW: Extracting, Analyzing, and Sharing Multi-Source Multi-Scale Human Mobility},
  year = {2021},
  journal = {Journal Name}
}

@article{yanez2021pandemcap,
  author = {Andrea Yáñez and etc.},
  title = {PandemCap: Decision Support Tool for Epidemic Management},
  year = {2021},
  journal = {Journal Name}
}

@article{kim2024scoping,
  author = {Denisse Kim and Bernardo Cánovas},
  title = {Visualization of Spatial–Temporal Epidemiological Data: A Scoping Review},
  year = {2024},
  journal = {Journal Name}
}

@article{wu2024patterns,
  author = {Junqi Wu and etc.},
  title = {Understanding Epidemic Spread Patterns: A Visual Analysis Approach},
  year = {2024},
  journal = {Journal Name}
}

@article{du2021dynamics,
  author = {Bowen Du and etc.},
  title = {Modelling the Epidemic Dynamics of COVID-19 with Consideration of Human Mobility},
  year = {2021},
  journal = {Journal Name}
}

@article{pappalardo2023dataset,
  author = {Luca Pappalardo and etc.},
  title = {A Dataset to Assess Mobility Changes in Chile Following Local Quarantines},
  year = {2023},
  journal = {Journal Name}
}

@article{afzal2011visual,
  author = {Shehzad Afzal and etc.},
  title = {Visual Analytics Decision Support Environment for Epidemic Modeling and Response Evaluation},
  year = {2011},
  journal = {Journal Name}
}


@article{prisma2009,
  author    = {David Moher and Alessandro Liberati and Jennifer Tetzlaff and Douglas G. Altman},
  title     = {Preferred reporting items for systematic reviews and meta-analyses: the PRISMA statement},
  journal   = {PLoS Medicine},
  volume    = {6},
  number    = {7},
  pages     = {e1000097},
  year      = {2009},
  doi       = {10.1371/journal.pmed.1000097}
}

@misc{casp2018,
  author       = {{Critical Appraisal Skills Programme (CASP)}},
  title        = {CASP Checklists},
  year         = {2018},
  howpublished = {\url{https://casp-uk.net/casp-tools-checklists/}},
  note         = {Accedido el 18 de octubre de 2024}
}
